<?xml version="1.0" encoding="UTF-8"?><collection xmlns="http://www.loc.gov/MARC21/slim"><record><leader>00372nam--2200145-i-4500</leader><controlfield tag="001">000009731</controlfield><controlfield tag="002">20161230</controlfield><controlfield tag="005">20161230201028</controlfield><controlfield tag="008">060222s1000------------r-----000-0-eng-d</controlfield><datafield ind1=" " ind2=" " tag="020"><subfield code="a">68</subfield></datafield><datafield ind1=" " ind2=" " tag="100"><subfield code="a">Abdel-rassoul</subfield></datafield><datafield ind1=" " ind2=" " tag="245"><subfield code="a">Wahba, s.s</subfield></datafield><datafield ind1=" " ind2=" " tag="260"><subfield code="a">Possibile Trends For Purity Control Of Uranium By Neutron Activation Assay</subfield></datafield><datafield ind1=" " ind2=" " tag="490"><subfield code="a">U.A.R.A.E.E./Rep</subfield></datafield><datafield ind1=" " ind2=" " tag="852"><subfield code="a">543.53</subfield></datafield></record></collection>